<Doc xmlns:gs2="http://www.greenstone.org/gs2" file="HASH7c57\5f57a57c\fb45ab00\33s48.dir\doc.xml"  gs2:docOID="HASH7c575f57a57cfb45ab0033s48" gs2:mode="add">

<Sec  gs2:docOID="HASH7c575f57a57cfb45ab0033s48" gs2:mode="add">
&lt;pre&gt;
 LDR 01343cjm  22003491a 4500
001     12052014
005     20000617180748.0
007     sdrbsmenn-----
008     840418s1983    nyuppn                   
035    _a (OCoLC)ocm10640105
906    _a 0
       _b cbc
       _c copycat
       _d 3
       _e ncip
       _f 19
       _g y-soundrec
010    _a    99574428 
024 1  _a 7863546061
028 02 _a CPL 1-4606
       _b RCA
040    _a DLC
       _c IW
       _d OCoLC
       _d DLC
042    _a lcderive
050 00 _a RCA CPL 1-4606
245 00 _a Yesterday
       _h sound recording ;
       _b a recollection of the Beatles /
       _c all selections by [John] Lennon and [Paul]
 McCartney.
260    _a New York :
       _b RCA,
       _c c1983.
300    _a 1 sound disc (ca. 29 min.) :
       _b 33 1/3 rpm, stereo. ;
       _c 12 in.
505 0  _a Yesterday -- All my loving -- Eleanor Rigby -- Norwegian
 Wood --Can't buy me love -- Here, there and everywhere --
 Michelle -- Hey Jude -- The long and winding road -- A hard
 day's night.
511 0  _a Elena Duran, flute; Stephane Grappelli, violin; Laurie
 Holloway, piano; Allen Walley, basss; Alan Ganley, drums.
650  0 _a Rock music.
700 1  _a Lennon, John,
       _d 1940-1980.
700 1  _a McCartney, Paul.
700 1  _a Duran, Elena.
700 1  _a Grappelli, Stéphane.
700 1  _a Holloway, Laurie.
700 1  _a Walley, Allen.
700 1  _a Ganley, Allan.
710 22 _a Beatles.
985    _c OCLC
       _e Claimed Recordings
&lt;/pre&gt;
 
</Sec>


</Doc>
